@article{vatistas1986reverse,
  title={Reverse Flow Radius in Vortex Chambers},
  author={Vatistas, G H and Lin, S and Kwok, C K},
  journal={AIAA Journal},
  volume={24},
  number={11},
  pages={1872, 1873},
  year={1986},
  publisher={American Institute of Aeronautics and Astronautics},
  doi = {10.2514/3.13046}
}
